
@article{maynard2019lung,
  title={{Heterogeneity and targeted therapy-induced adaptations in lung cancer revealed by single-cell RNA-seq}},
  author={Maynard A and McCoach C and Rotow J and Harris L and Darmanis S and Blakely C and Bivona T and others},
  journal={Submitted},
  year={November 2019},
}

@article{nclsPkg,
  title={{PyRanges: efficient comparison of genomic intervals in Python}},
  author={Bakken Stovner E and SÃ¦trom P},
  journal={Bioinformatics},
  year={2019},
}

@article{gatk,
  title={{Scaling accurate genetic variant discovery to tens of thousands of samples}},
  author={Poplin R and Ruano-Rubio V and DePristo M and others},
  journal={bioRxiv},
  year={2018},
}

@article{freebayes,
  title={{Haplotype-based variant detection from short-read sequencing}},
  author={Garrison E and Marth G},
  journal={arXiv},
  year={2012},
}

