@article{star,
  title={{STAR: ultrafast universal RNA-seq aligner}},
  author={Dobin A and Davis CA and Schlesinger F and Drenkow J and others},
  journal={Bioinformatics},
  year={2013},
}

@article{bwa,
  title={{Fast and accurate short read alignment with Burrows-Wheeler Transform}},
  author={Li H and Durbin R},
  journal={Bioinformatics},
  year={2009},
}

@article{gatk_hc,
  title={{Scaling accurate genetic variant discovery to tens of thousands of samples}},
  author={Poplin R and Ruano-Rubio V and DePristo M and others},
  journal={bioRxiv},
  year={2018},
}

@article{freebayes,
  title={{Haplotype-based variant detection from short-read sequencing}},
  author={Garrison E and Marth G},
  journal={arXiv},
  year={2012},
}

@article{maynard:2020,
  title={{Heterogeneity and targeted therapy-induced adaptations in lung cancer revealed by single-cell RNA-seq}},
  author={Maynard A and McCoach C and Rotow J and Harris L and Darmanis S and Blakely C and Bivona T and others},
  journal={Cell},
  year={July 2020},
}

@article{Alekseyenko:2007,
  title={{Nested Containment List (NCList): a new algorithm for accelerating interval query of genome alignment and interval databases}},
  author={Alekseyenko A and Lee C},
  journal={Bioinformatics},
  year={2007},
}

@article{GiaB_bench,
  title={{A comparison of variant calling pipelines using Genome in a Bottle as a reference}},
  author={Cornish A and Guda C},
  journal={BioMed Research International},
  year={2015},
}

@article{GiaB_orig,
  title={{An open resource for accurately benchmarking small variant and reference calls}},
  author={Zook J and McDaniel J and Olson D and others},
  journal={Nature Biotechnology},
  year={2019},
}

@article{GiaB_extd,
  title={{Integrating human sequence data sets provides a resource of benchmark SNP and indel genotype calls}},
  author={Zook J and Chapman B and Wang J and others},
  journal={Nature Biotechnology},
  year={2014},
}

@article{Huang:2017,
  title={{BRIE: transcriptome-wide splicing quantification in single cells}},
  author={Huang Y and Sanguinetti G},
  journal={Genome Biology},
  year={2017},
}

@book{Cormen:2009,
    author = {Cormen T and Leiserson C and Rivest R and Stein C},
    title = {{Introduction to Algorithms}},
    publisher = {MIT Press},
    year = {2009},
    edition = {3},
    isbn = {978-0-262-03384-8},
}
